% This file was created with JabRef 2.9.2.
% Encoding: Cp1250

@ELECTRONIC{Viola-Jones,
  author = {Paul Viola, Michael Jones},
  year = {2001},
  title = {Rapid Object Detection using a Boosted Cascade of Simple Features},
  language = {EN},
  note = {\url{https://www.cs.cmu.edu/%7Eefros/courses/LBMV07/Papers/viola-cvpr-01.pdf}},
  url = {https://www.cs.cmu.edu/%7Eefros/courses/LBMV07/Papers/viola-cvpr-01.pdf},
}

@ELECTRONIC{autoboy,
  author = {Alexander Mordvintsev},
  month = {March},
  year = {2013},
  title = {Understanding k-Nearest Neighbour},
  language = {EN},
  howpublished = {blogpost (english)},
  note = {\url{http://opencv-python-tutroals.readthedocs.io/en/latest/py_tutorials/py_ml/py_knn/py_knn_understanding/py_knn_understanding.html/}},
}

@ELECTRONIC{opencv-knn,
  title = {AutoBoy Dash Cam - BlackBox},
  language = {EN},
  note = {\url{https://play.google.com/store/apps/details?id=com.happyconz.blackbox&hl=cs}},
}


@ELECTRONIC{color-detection,
  author = {M.A. Garcia-Garrido, M.A. Sotelo, E. Martin-Gorostiza},
  year = {2006},
  title = {Fast traffic sign detection and recognition under changing lighting conditions},
  language = {EN},
  note = {\url{http://ieeexplore.ieee.org/abstract/document/649946/}},
  url = {http://ieeexplore.ieee.org/abstract/document/649946/},
}


@ELECTRONIC{hough-detection,
  author = {M.A. Garcia-Garrido, M.A. Sotelo, E. Martin-Gorostiza},
  year = {2006},
  title = {Fast traffic sign detection and recognition under changing lighting conditions},
  language = {EN},
  note = {\url{http://ieeexplore.ieee.org/abstract/document/1706843/}},
  url = {http://ieeexplore.ieee.org/abstract/document/1706843/},
}

@ELECTRONIC{cnn,
  author = {Yihui Wu, Yulong Liu, Jianmin Li, Huaping Liu, Xiaolin Hu},
  year = {2013},
  title = {Traffic sign detection based on convolutional neural networks},
  language = {EN},
  note = {\url{http://ieeexplore.ieee.org/abstract/document/6706811/}},
  url = {http://ieeexplore.ieee.org/abstract/document/6706811/},
}

@ELECTRONIC{knn,
  author = {Boris Moiseev, Artem Konev, Alexander Chigorin, Anton Konushin},
  year = {2013},
  title = {
Evaluation of Traffic Sign Recognition Methods Trained on Synthetically Generated Data},
  language = {EN},
  note = {\url{http://link.springer.com/chapter/10.1007/978-3-319-02895-8_52}},
  url = {http://link.springer.com/chapter/10.1007/978-3-319-02895-8_52},
}
